000977896 FMT   L BK
000977896 LDR   L 00000cam^a2200805^i^4500
000977896 001   L 000977896
000977896 005   L 20170912182627.0
000977896 008   L 080207r20071543fi^|||||||||||||||||fin|^
000977896 015   L $$afx876109$$2skl
000977896 020   L $$a978-951-746-931-9$$qnidottu
000977896 035   L $$a(FI-MELINDA)000977896
000977896 040   L $$aFI-NL
000977896 0410  L $$afin
000977896 042   L $$afinb
000977896 080   L $$a09$$9FENNI<KEEP>
000977896 080   L $$a809.454.1$$9FENNI<KEEP>
000977896 080   L $$a001
000977896 080   L $$a93/99
000977896 084   L $$a00.09$$2ykl$$9FENNI<KEEP>
000977896 084   L $$a80.2$$2ykl$$9FENNI<KEEP>
000977896 1001  L $$aAgricola, Mikael,$$dnoin 1510-1557.$$0(FIN11)000103346
000977896 24510 L $$aAbckiria /$$cMichael Agricola ; [toimittanut Aarni Penttilä].
000977896 250   L $$aNäköispainoksen 4. p.
000977896 260   L $$a[Helsinki] :$$bSuomalaisen kirjallisuuden seura,$$c2007$$e(Tampere :$$fTammer-Paino)
000977896 300   L $$a32 s. :$$bkuvitettu ;$$c21 cm
000977896 336   L $$ateksti$$btxt$$2rdacontent
000977896 337   L $$akäytettävissä ilman laitetta$$bn$$2rdamedia
000977896 338   L $$anide$$bnc$$2rdacarrier
000977896 500   L $$aIlm. aiemmin 1971.
000977896 500   L $$aNäköisp. Mikael Agricolan ABCkirian eri painosten säilyneistä katkelmista, 1543, 1551, 1559.
000977896 500   L $$aNäköispainos Mikael Agricolan ABCkirian eri painosten säilyneistä katkelmista, 1543, 1551, 1559$$9FENNI<KEEP>
000977896 5050  L $$aS. 25-28: Agricolan aapinen / Aarni Penttilä$$9FENNI<KEEP>
000977896 5052  L $$aS. 25-28: Agricolan aapinen / Aarni Penttilä
000977896 650 7 L $$aaapiset$$2ysa$$9FENNI<KEEP>
000977896 650 7 L $$anäköispainokset$$2ysa$$9FENNI<KEEP>
000977896 650 7 L $$akirjahistoria$$2ysa$$9FENNI<KEEP>
000977896 650 7 L $$aaapiset$$xnäköispainokset$$2ysa
000977896 650 7 L $$aABC-böcker$$2allars
000977896 650 7 L $$abokhistoria$$2allars
000977896 7001  L $$aPenttilä, Aarni,$$d1899-1971.$$0(FIN11)000055166
000977896 7400  L $$aAbc-kirja.
000977896 9001  L $$aAgricola, Michael$$yAgricola, Mikael
000977896 901   L $$aMM20080401$$5FENNI
000977896 901   L $$aMU20080222$$5FENNI
000977896 902   L $$ab$$5FENNI
000977896 904   L $$ap$$5FENNI
