003102057 FMT   L BK
003102057 LDR   L 00000cam^a2201357zi^4500
003102057 001   L 003102057
003102057 005   L 20171122032844.0
003102057 008   L 830422r19821543fi^|||||||||||||||||fin||
003102057 015   L $$afx99461$$2skl
003102057 020   L $$a951-717-303-2$$qnidottu
003102057 0243  L $$a9789517173032
003102057 035   L $$a(FI-MELINDA)003102057
003102057 040   L $$aFI-NL
003102057 0410  L $$afin
003102057 042   L $$afinb
003102057 080   L $$a243
003102057 080   L $$a809.454.1$$x-02
003102057 080   L $$a809.454.1$$x-82
003102057 080   L $$a82$$x-82
003102057 080   L $$a894.541
003102057 080   L $$a09$$9FENNI<KEEP>
003102057 080   L $$a809.454.1$$9FENNI<KEEP>
003102057 084   L $$a88.2$$2ykl
003102057 084   L $$a00.09$$2ykl$$9FENNI<KEEP>
003102057 084   L $$a80.2$$2ykl$$9FENNI<KEEP>
003102057 084   L $$a80.2
003102057 084   L $$a88.207
003102057 084   L $$a88.207$$2ykl
003102057 1001  L $$aAgricola, Mikael,$$dnoin 1510-1557.$$0(FIN11)000103346
003102057 24510 L $$aAbckiria /$$cMichael Agricola ; [toim. Aarni Penttilä].
003102057 260   L $$a[Hki] :$$bSuomalaisen kirjallisuuden seura,$$c1982$$e(Vaasa :$$fVaasa oy)
003102057 300   L $$a[1], 32, [1] s. :$$bkuvitettu ;$$c20 cm
003102057 336   L $$ateksti$$btxt$$2rdacontent
003102057 337   L $$akäytettävissä ilman laitetta$$bn$$2rdamedia
003102057 338   L $$anide$$bnc$$2rdacarrier
003102057 500   L $$aIlm. aiemmin 1971.$$9FENNI<KEEP>
003102057 500   L $$aIlm. aiemmin Näköisp.1971
003102057 500   L $$aLisäpainokset: Näköisp. 1971. - 3. painos 1993. - [Lisäp.] 1998. - Näköispainoksen 3. painos 1999.
003102057 500   L $$aLisäpainokset: [Lisäp.] 1998.$$9FENNI<KEEP>
003102057 500   L $$aNäköisp. Mikael Agricolan ABCkirian eri painosten säilyneistä katkelmista, 1543, 1551, 1559$$9FENNI<KEEP>
003102057 500   L $$aNäköisp. Mikael Agricolan ABCkirian eri painosten säilyneistä katkelmista, 1543, 1551, 1559, pääasiallisesti toisesta ja kolmannesta.
003102057 500   L $$aNäköispainos Mikael Agricolan ABCkirian eri painosten säilyneistä katkelmista, 1543, 1551, 155.
003102057 500   L $$aNäköispainos Mikael Agricolan ABCkirian eri painosten säilyneistä katkelmista.
003102057 500   L $$aLisäpainokset: [Lisäp.] 1998. - Näköisp. 3. p. 1999.
003102057 500   L $$aLisäpainokset: [Lisäp.] 1998, 1999.
003102057 501   L $$aNäköisp. Mikael Agricolan ABCkirian eri painosten säilyneistä katkekmista, 1543, 1551, 1559
003102057 5050  L $$aS. 25-28: Agricolan aapinen / Aarni Penttilä$$9FENNI<KEEP>
003102057 5611  L $$aH Reenpää: [Heikki Reenpää].$$5HELKA
003102057 500   L $$aAlkuperäisteos kolmesta eri painoksesta v. 1543, 1551 ja 1559.
003102057 60014 L $$aAgricola, Mikael,$$dnoin 1510-1557.$$tAbckiria.$$0(FIN11)000103346
003102057 60014 L $$aAgricola, Mikael,$$dnoin 1510-1557.$$tAapiskirja.$$0(FIN11)000103346
003102057 650 7 L $$aharvinaiskirjat$$xaapinen$$y1500-luku$$2ysa
003102057 650 7 L $$avanha kirjasuomi$$2ysa
003102057 650 7 L $$aaapiset$$xsuomen kieli$$2ysa
003102057 650 7 L $$asuomen kieli$$xkielennäytteet$$2ysa
003102057 650 7 L $$anäköispainokset$$xsuomen kieli$$2ysa
003102057 650 7 L $$aaapiset$$xsuomen kieli$$y1500-luku$$2ysa
003102057 650 7 L $$asuomen kieli$$2ysa
003102057 650 7 L $$aäidinkieli$$2ysa
003102057 650 7 L $$akielihistoria$$2ysa
003102057 650 7 L $$aaapiset$$2ysa
003102057 650 7 L $$akirjahistoria$$xaapiset$$2ysa
003102057 650 7 L $$akielihistoria$$xsuomen kieli$$y1500-luku$$2ysa
003102057 650 7 L $$akirjakieli$$xhistoria$$2ysa
003102057 650 7 L $$anäköispainokset$$xaapiset$$2ysa
003102057 7001  L $$aPenttilä, Aarni,$$d1899-1971,$$etoimittaja.$$0(FIN11)000055166
003102057 7001  L $$aPenttilä, Aarni,$$d1899-1971.
003102057 9001  L $$aAgricola, Michael$$yAgricola, Mikael
003102057 904   L $$ap$$5FENNI
003102057 908   L $$afin
