006128684 FMT   L BK
006128684 LDR   L 00000cam^a2201561^i^4500
006128684 001   L 006128684
006128684 005   L 20170912182631.0
006128684 008   L 070423s2007^^^^fi^|||||||||||||||||fin|^
006128684 015   L $$afx853563$$2skl
006128684 020   L $$a978-951-746-898-5$$qsidottu
006128684 0248  L $$aA1145226
006128684 035   L $$a(FI-MELINDA)006128684
006128684 040   L $$aFI-NL
006128684 0410  L $$afin
006128684 042   L $$afinb
006128684 072 7 L $$a85$$2kkaa
006128684 080   L $$a09$$9FENNI<KEEP>
006128684 080   L $$a809.454.1$$9FENNI<KEEP>
006128684 084   L $$a00.09$$2ykl$$9FENNI<KEEP>
006128684 084   L $$a88.209$$2ykl$$9FENNI<KEEP>
006128684 084   L $$a80.2$$2ykl$$9FENNI<KEEP>
006128684 084   L $$a00.09
006128684 084   L $$a88.209
006128684 084   L $$a80.2
006128684 084   L $$a88.207$$2ykl
006128684 24500 L $$aMikael Agricola: Abckiria :$$bkriittinen editio /$$ctoimittanut Kaisa Häkkinen.
006128684 260   L $$aHelsinki :$$bSuomalaisen Kirjallisuuden Seura,$$c2007$$e(Keuruu :$$fOtavan Kirjapaino)
006128684 300   L $$a126 s. :$$bkuvitettu ;$$c25 cm
006128684 336   L $$ateksti$$btxt$$2rdacontent
006128684 337   L $$akäytettävissä ilman laitetta$$bn$$2rdamedia
006128684 338   L $$anide$$bnc$$2rdacarrier
006128684 4901  L $$aSuomalaisen Kirjallisuuden Seuran toimituksia,$$x0355-1768 ;$$v1121
006128684 4901  L $$aMikael Agricolan teosten tieteelliset editiot ;$$v1
006128684 500   L $$aSisältää näköispainoksen alkuperäisteoksesta 1559.$$9FENNI<KEEP>
006128684 5050  L $$aMikael Agricolan teosten painoasu ja kuvitus / Anna Perälä -- Abckirian sisältö ja lähteet / Simo Heininen -- Suomen kieli Mikael Agricolan Abckiriassa / Kaisa Häkkinen
006128684 5050  L $$aS. 10-40: Mikael Agricolan teosten painoasu ja kuvitus / Anna Perälä ; S. 42-61: Abckirian sisältö ja lähteet / Simo Heininen ; S. 62-92: Suomen kieli Mikael Agricolan Abckiriassa / Kaisa Häkkinen$$9FENNI<KEEP>
006128684 60014 L $$aAgricola, Mikael,$$dnoin 1510-1557.$$0(FIN11)000103346
006128684 60014 L $$aAgricola, Mikael,$$dnoin 1510-1557.$$tAbckiria.$$0(FIN11)000103346$$9FENNI<KEEP>
006128684 63004 L $$aAbckiria.
006128684 648 7 L $$a1500-talet$$2allars
006128684 648 7 L $$a1500-luku$$2ysa$$9FENNI<KEEP>
006128684 650 7 L $$akirjakieli$$xhistoria$$2ysa
006128684 650 7 L $$akielihistoria$$xsuomen kieli$$2ysa
006128684 650 7 L $$avanha kirjasuomi$$xtutkimushistoria$$2ysa
006128684 650 7 L $$akirjahistoria$$zSuomi$$2ysa
006128684 650 7 L $$akirjapainotaito$$xhistoria$$zSuomi$$2ysa
006128684 650 7 L $$akirjakieli$$xhistoria$$y1500-luku$$2ysa
006128684 650 7 L $$asuomen kieli$$xkielihistoria$$y1500-luku$$2ysa
006128684 650 7 L $$atutkimushistoria$$2ysa
006128684 650 7 L $$akirjahistoria$$2ysa$$9FENNI<KEEP>
006128684 650 7 L $$aaapiset$$2ysa$$9FENNI<KEEP>
006128684 650 7 L $$anäköispainokset$$2ysa$$9FENNI<KEEP>
006128684 650 7 L $$akirjapainotaito$$2ysa$$9FENNI<KEEP>
006128684 650 7 L $$avanha kirjasuomi$$2ysa$$9FENNI<KEEP>
006128684 650 7 L $$akielihistoria$$2ysa$$9FENNI<KEEP>
006128684 650 7 L $$asuomen kieli$$2ysa$$9FENNI<KEEP>
006128684 650 7 L $$akirjakieli$$2ysa$$9FENNI<KEEP>
006128684 650 7 L $$ahistoria$$2ysa$$9FENNI<KEEP>
006128684 650 7 L $$akirjahistoria$$xaapiset$$2ysa
006128684 650 7 L $$akirjapainotaito$$zSuomi$$y1500-luku$$2ysa
006128684 650 7 L $$aboktryckarkonst$$2allars
006128684 650 7 L $$askriftspråk$$xhistoria$$2allars
006128684 650 7 L $$aspråkhistoria$$xfinska$$2allars
006128684 650 7 L $$aäldre finskt skriftspråk$$xforskningshistoria$$2allars
006128684 650 7 L $$abokhistoria$$2allars
006128684 650 7 L $$anäköispainokset$$xaapiset$$2ysa
006128684 651 7 L $$aFinland$$2allars
006128684 651 7 L $$aSuomi$$2ysa$$9FENNI<KEEP>
006128684 653   L $$avanha kirjasuomi$$atutkimushistoria
006128684 653   L $$akielen muuttuminen$$arakenne$$asuomen kieli
006128684 7001  L $$aAgricola, Mikael,$$dnoin 1510-1557.$$tAbckiria.$$0(FIN11)000103346
006128684 7001  L $$aHäkkinen, Kaisa,$$d1950-$$tSuomen kieli Mikael Agricolan Abckiriassa.$$0(FIN11)000044945
006128684 7001  L $$aPerälä, Anna,$$d1942-$$tMikael Agricolan teosten painoasu ja kuvitus.$$0(FIN11)000055271
006128684 7001  L $$aHeininen, Simo,$$d1943-$$tAbckirian sisältö ja lähteet.$$0(FIN11)000066895
006128684 7400  L $$aAbckiria.
006128684 7400  L $$aAbckirian sisältö ja lähteet.
006128684 7400  L $$aMikael Agricolan teosten painoasu ja kuvitus.
006128684 7400  L $$aSuomen kieli Mikael Agricolan Abckiriassa.
006128684 7400  L $$aAbc-kirja.
006128684 830 0 L $$aSuomalaisen Kirjallisuuden Seuran toimituksia,$$x0355-1768 ;$$v1121.
006128684 830 0 L $$aMikael Agricolan teosten tieteelliset editiot ;$$v1.
